@MISC {424331,
    TITLE = {Why is the bailout value of the Mandelbrot set 2?},
    AUTHOR = {mrf (https://math.stackexchange.com/users/19440/mrf)},
    HOWPUBLISHED = {Mathematics Stack Exchange},
    NOTE = {URL:https://math.stackexchange.com/q/424331 (version: 2013-06-24)},
    EPRINT = {https://math.stackexchange.com/q/424331},
    URL = {https://math.stackexchange.com/q/424331}
}
@MISC {websocketppManual,
    TITLE = {WebSocket++ User Manual},
    AUTHOR = {zaphoyd (https://www.zaphoyd.com/)},
    HOWPUBLISHED = {Zaphoyd.com},
    NOTE = {URL:https://www.zaphoyd.com/websocketpp/manual/reference/thread-safety (version: 2013-03-02)},
    EPRINT = {https://www.zaphoyd.com/websocketpp/manual},
    URL = {https://www.zaphoyd.com/websocketpp/manual/reference/thread-safety}
}